% This file was created with JabRef 2.4.
% Encoding: Cp1252
%
% Total: 119
% 1997 = 6
% 1998 = 2
% 1999 = 11
% 2000 = 3
% 2001 = 9
% 2002 = 9
% 2003 = 9
% 2004 = 7
% 2005 = 11
% 2006 = 12
% 2007 = 21
% 2008 = 51
%


@INPROCEEDINGS{acharya2000cua,
  author = {S. Acharya and B. Smith and P. Parnes},
  title = {Characterizing User Access To Videos On The World Wide Web},
  booktitle = {Proceedings of the ACM/SPIE Multimedia Computing and Networking (MMCN)},
  year = {2000},
  month = {January}
}

@INPROCEEDINGS{aggarwal1994apb,
  author = {C. C. Aggarwal and J. L. Wolf and P. S. Yu},
  title = {A permutation-basaed pyramid broadcasting scheme for video-on-demand},
  booktitle = {Proceedings of the IEEE Int’l Conf. on Multimedia Systems},
  year = {1996},
  month = {June},
  location = {Hiroshima, Japan}
}

@INPROCEEDINGS{almeida2001aem,
  author = {Almeida, J.M. and Krueger, J. and Eager, D.L. and Vernon, M.K.},
  title = {Analysis of educational media server workloads},
  booktitle = {Proceedings of the 11th international workshop on Network and operating
	systems support for digital audio and video (NOSSDAV)},
  year = {2001},
  pages = {21--30},
  publisher = {ACM Press New York, NY, USA}
}

@BOOK{anderson2006tlt,
  title = {The Long Tail: Why the Future of Business Is Selling Less of More},
  publisher = {Hyperion},
  year = {2006},
  author = {Chris Anderson},
  pages = {256},
  month = {July}
}

@ARTICLE{barnoy2008odm,
  author = {Bar-Noy, A. and Ladner, R.E. and Tamir, T.},
  title = {Optimal delay for media-on-demand with pre-loading and pre-buffering},
  journal = {Theoretical Computer Science},
  year = {2008},
  publisher = {Elsevier}
}

@MISC{iplayer,
  author = {BBC},
  title = {{iP}layer},
  year = {2008},
  note = {\url{http://www.bbc.co.uk/iplayer/}}
}

@MISC{skyplayer,
  author = {{BS}ky{B}},
  title = {Sky Player},
  year = {2008},
  note = {\url{http://sky.com/skyplayer/}}
}

@MISC{4od,
  author = {Channel 4},
  title = {4o{D}},
  year = {2008},
  note = {\url{http://www.channel4.com/4od/}}
}

@MISC{Kontiki,
  author = {Kontiki Inc.},
  title = {Kontiki},
  year = {2008},
  note = {\url{http://www.kontiki.com/}}
}

@INPROCEEDINGS{chiueh1995pba,
  title={A periodic broadcasting architecture for large-scale residential video-on-demand service},
  author={Chiueh, T.},
  booktitle={Proceedings of SPIE},
  volume={2615},
  pages={162--169},
  year={1995}
}

@INPROCEEDINGS{bradshaw2001pba,
  author = {M.K. Bradshaw and B. Wang and S. Sen and L. Gao and J. Kurose and
	P. Shenoy and D. Towsley},
  title = {Periodic broadcast and patching services—implementation, measurement,
	and analysis in an internet streaming video testbed},
  booktitle = {Proceedings of ACM Multimedia},
  year = {2001},
  location = {Ottawa, Canada}
}

@INPROCEEDINGS{cai1999ebs,
  author = {Cai, Y. and Hua, K.A.},
  title = {An efficient bandwidth-sharing technique for true video on demand
	systems},
  booktitle = {Proceedings of the seventh ACM international conference on Multimedia
	(Part 1)},
  year = {1999},
  pages = {211--214},
  publisher = {ACM Press New York, NY, USA}
}

@INPROCEEDINGS{cai1999opp,
  author = {Cai, Ying and Hua, K.A. and Vu, Khanh},
  title = {Optimizing patching performance},
  booktitle = {Proceedings of SPIE Conference on Multimedia Computing and Networking (MMCN)},
  year = {1999},
  volume = {3654},
  pages = {204--215}
}

@MISC{gtitm,
  author = {K. Calvert and E. Zegura},
  title = {GeorgiaTech Internetwork Topology Models},
  howpublished = {http://www.cc.gatech.edu/projects/gtitm}
}

@TECHREPORT{carter1997sta,
  author = {Steven W. Carter and Darrell D.E. Long},
  title = {Stream Tapping: A system for improving efficiency on a video-on-demand
	server},
  institution = {University of California at Santa Cruz},
  year = {1997},
  address = {Santa Cruz, CA, USA}
}

@INPROCEEDINGS{cha2007tyt,
  author = {Cha, M. and Kwak, H. and Rodriguez, P. and Ahn, Y.Y. and Moon, S.},
  title = {I tube, you tube, everybody tubes: Analyzing the world's largest
	user generated content video system},
  booktitle = {Proceedings of the 7th ACM SIGCOMM conference on Internet measurement},
  year = {2007},
  pages = {1--14},
  publisher = {ACM New York, NY, USA}
}

@INPROCEEDINGS{chen2003aal,
  author = {S. Chen and B. Shen and S. Wee and X. Zhang},
  title = {Adaptive and lazy segmentation based proxy caching for streaming
	media delivery},
  booktitle = {Proceedings of the 13th International Workshop on Network and Operating
	Systems Support for Digital Audio and Video (NOSSDAV)},
  year = {2003},
  pages = {22--31},
  isbn = {1-58113-694-3}
}

@ARTICLE{cherkasova2004aoe,
  author = {Ludmila Cherkasova and Minaxi Gupta},
  title = {Analysis of enterprise media server workloads: access patterns, locality,
	content evolution, and rates of change},
  journal = {IEEE/ACM Transactions on Networking (TON)},
  year = {2004},
  volume = {12},
  pages = {781--794},
  number = {5},
  address = {Piscataway, NJ, USA},
  doi = {http://dx.doi.org/10.1109/TNET.2004.836125},
  issn = {1063-6692},
  publisher = {IEEE Press}
}

@INPROCEEDINGS{cherkasova2002cle,
  author = {Ludmila Cherkasova and Minaxi Gupta},
  title = {Characterizing locality, evolution, and life span of accesses in
	enterprise media server workloads},
  booktitle = {Proceedings of the 12th international workshop on Network and operating
	systems support for digital audio and video (NOSSDAV)},
  year = {2002},
  pages = {33--42},
  address = {New York, NY, USA},
  publisher = {ACM},
  doi = {http://doi.acm.org/10.1145/507670.507676},
  isbn = {1-58113-512-2},
  location = {Miami, Florida, USA}
}

@INPROCEEDINGS{chesire2001maa,
  author = {Chesire, M. and Wolman, A. and Voelker, G. and Levy, H.},
  title = {Measurement and analysis of a streaming media workload},
  booktitle = {Proceedings of the 2001 USENIX Symp. on Internet Technologies and
	Systems},
  year = {2001}
}

@INPROCEEDINGS{chinen1997ipp,
  author = {Chinen, K. and Yamaguchi, S.},
  title = {An interactive prefetching proxy server for improvement of WWW latency},
  booktitle = {Proceedings of INET},
  year = {1997},
  volume = {97}
}

@INPROCEEDINGS{chung2003evb,
  author = {Chung, Y. and Tewfik, AH},
  title = {An efficient video broadcasting protocol with scalable preloading
	scheme},
  booktitle = {Proceedings of the International Conference on Multimedia and Expo
	(ICME)},
  year = {2003},
  volume = {1}
}

@INPROCEEDINGS{cohen03ibr,
  author = {Bram Cohen},
  title = {Incentives Build Robustness In {B}it{T}orrent},
  booktitle = {Proceedings of the 1st Workshop on Economics of Peer-to-Peer Systems},
  year = {2003},
  address = {Berkeley, California, USA},
  month = {June}
}

@MISC{vsm,
  author = {Avanstar Communications},
  title = {Video Store Magazine},
  month = {March},
  year = {2000},
  note = {\url{http://www.videostoremag.com/}}
}

@INPROCEEDINGS{costa2004aci,
  author = {Costa, C.P. and Cunha, I.S. and Borges, A. and Ramos, C.V. and Rocha,
	M.M. and Almeida, J.M. and Ribeiro-Neto, B.},
  title = {Analyzing client interactivity in streaming media},
  booktitle = {Proceedings of the 13th international conference on World Wide Web},
  year = {2004},
  pages = {534--543},
  publisher = {ACM New York, NY, USA}
}

@misc{grant1994mpv,
  title={Method of providing video on demand with VCR like functions},
  author={Banker, R.O. and Huppertz, J.B. and Hayashi, M.T. and Lett, D.B. and Godlewski, V.E. and Raley, M.W.},
  year={1994},
  month={oct},
  note={US Patent 5,357,276}
}

@INPROCEEDINGS{dan1994spf,
  author = {A. Dan and D. Sitaram and P. Shahabuddin},
  title = {Scheduling policies for an on-demand video server with batching},
  booktitle = {Proceedings of the second ACM international conference on Multimedia},
  year = {1994},
  pages = {15--23},
  month = {October},
  location = {San Francisco, California}
  publisher = {ACM Press New York, NY, USA}
}

@MISC{imdb,
  author = {The Internet Movie Database},
  month = {August},
  year = {2003},
  note = {\url{http://www.imdb.com/}}
}

@ARTICLE{dau95cab,
  author = {Asit Dau and Perwez Shahabuddin and Dinkar Sitaram and Don Towsley},
  title = {Channel Allocation under Batching and {VCR} Control in Video-on-Demand
	Systems},
  journal = {Journal of Parallel and Distributed Computing},
  year = {1995},
  volume = {30},
  pages = {168-179},
  number = {2},
  month = {November}
}

@INPROCEEDINGS{davison2001apg,
  author = {B.D. Davison},
  title = {Assertion: {P}refetching with {GET} is not good},
  booktitle = {Proceedings of the Sixth International Workshop Web Caching and Content
	Distribution},
  year = {2001},
  pages = {203--215}
}

@INPROCEEDINGS{duchamp1999ph,
  author = {Duchamp, D.},
  title = {Prefetching hyperlinks},
  booktitle = {Proceedings of the 2nd conference on USENIX Symposium on Internet
	Technologies and Systems},
  year = {1999},
  volume = {2},
  pages = {12--12},
  publisher = {USENIX Association Berkeley, CA, USA}
}

@INPROCEEDINGS{eager1999orc,
  author = {Eager, D.L. and Ferris, M.C. and Vernon, M.K.},
  title = {Optimized regional caching for on-demand data delivery},
  booktitle = {Proceedings of SPIE Multimedia Computing and Networking (MMCN)},
  year = {1999},
  volume = {3654},
  pages = {301--316}
}

@ARTICLE{eager2001mbr,
  author = {D. Eager and M. Vernon and J. Zahorjan},
  title = {Minimizing Bandwidth Requirements for On-Demand Data Delivery},
  journal = {IEEE Transactions on Knowledge and Data Engineering},
  year = {2001},
  volume = {13},
  pages = {742--757},
  number = {5},
  month = {Sep},
  location = {San Jose, CA}
}

@INPROCEEDINGS{eager2000bst,
  author = {D. Eager and M. Vernon and J. Zahorjan},
  title = {Bandwidth Skimming: A Technique for Cost-Effective Video-on-Demand},
  booktitle = {Proceedings of the Multimedia Computing and Networking},
  year = {2000},
  month = {Jan},
  location = {San Jose, CA}
}

@INPROCEEDINGS{eager1999oae,
  author = {Eager, D. and Vernon, M. and Zahorjan, J.},
  title = {Optimal and efficient merging schedules for video-on-demand servers},
  booktitle = {Proceedings of the seventh ACM international conference on Multimedia
	(Part 1)},
  year = {1999},
  pages = {199--202},
  publisher = {ACM Press New York, NY, USA}
}

@ARTICLE{fishman2006hht,
  author = {G. S. Fishman and I. J. B. F. Adan},
  title = {How heavy-tailed distributions affect simulation-generated time averages},
  journal = {ACM Transactions on Modeling and Computer Simulation (TOMACS)},
  year = {2006},
  volume = {16},
  pages = {152-173},
  number = {2}
}

@ARTICLE{gao2002esb,
  author = {Gao, L. and Kurose, J. and Towsley, D.},
  title = {Efficient schemes for broadcasting popular videos},
  journal = {Multimedia Systems},
  year = {2002},
  volume = {8},
  pages = {284--294},
  number = {4},
  publisher = {Springer-Verlag GmbH}
}

@INPROCEEDINGS{griwodz1997ltm,
  author = {Carsten Griwodz and Michael B\"{a}r and Lars C. Wolf},
  title = {Long-term movie popularity models in video-on-demand systems: or the life of an on-demand movie},
  booktitle = {Proceedings of the fifth ACM international conference on Multimedia},
  year = {1997},
  pages = {349--357},
  address = {New York, NY, USA},
  publisher = {ACM},
  doi = {http://doi.acm.org/10.1145/266180.266386},
  isbn = {0-89791-991-2},
  location = {Seattle, Washington, United States}
}

@INPROCEEDINGS{gummadi2003mma,
  author = {Gummadi, K.P. and Dunn, R.J. and Saroiu, S. and Gribble, S.D. and
	Levy, H.M. and Zahorjan, J.},
  title = {Measurement, modeling, and analysis of a peer-to-peer file-sharing
	workload},
  booktitle = {Proceedings of the nineteenth ACM symposium on Operating systems
	principles},
  year = {2003},
  pages = {314--329},
  publisher = {ACM Press New York, NY, USA}
}

@INPROCEEDINGS{guo2005amw,
  author = {Guo, L. and Chen, S. and Xiao, Z. and Zhang, X.},
  title = {Analysis of multimedia workloads with implications for internet streaming},
  booktitle = {Proceedings of the 14th international conference on World Wide Web},
  year = {2005},
  pages = {519--528},
  publisher = {ACM Press New York, NY, USA}
}

@INPROCEEDINGS{guo2004slv,
  author = {Guo, M. and Ammar, MH},
  title = {Scalable live video streaming to cooperative clients using time shifting
	and video patching},
  booktitle = {Proceedings of the 23rd Annual Joint Conference of the IEEE Computer
	and Communications Societies (INFOCOM)},
  year = {2004},
  volume = {3}
}

@INPROCEEDINGS{hua1998pam,
  author = {Kien A. Hua and Ying Cai and Simon Sheu},
  title = {Patching: A Multicast Technique for True Video-on-Demand Services},
  booktitle = {Proceedings of the sixth ACM international Conference on Multimedia},
  year = {1998},
  pages = {191--200},
  address = {New York, NY, USA},
  publisher = {ACM},
  doi = {http://doi.acm.org/10.1145/290747.290771},
  isbn = {0-201-30990-4},
  location = {Bristol, United Kingdom}
}

@INPROCEEDINGS{hua1996sba,
  author = {K. A. Hua and S. Sheu},
  title = {Skyscraper broadcasting: A new broadcasting scheme for metropolitan
	video-on-demand systems},
  booktitle = {Proceedings of ACM SIGCOMM},
  year = {1997},
  month = {September},
  location = {Cannes, France}
}

@ARTICLE{huang2007civ,
  author = {Cheng Huang and Jin Li and Keith W. Ross},
  title = {Can internet video-on-demand be profitable?},
  journal = {SIGCOMM Computer Communication Review},
  year = {2007},
  volume = {37},
  pages = {133--144},
  number = {4},
  address = {New York, NY, USA},
  doi = {http://doi.acm.org/10.1145/1282427.1282396},
  issn = {0146-4833},
  publisher = {ACM}
}

@INPROCEEDINGS{huang2008uhc,
  author = {Cheng Huang and Angela Wang and Jin Li and Keith W. Ross},
  title = {Understanding Hybrid {CDN-P2P}: Why Limelight Needs its Own Red Swoosh},
  booktitle = {Proceedings of the 18th International workshop on Network and Operating
	Systems Support for Digital Audio and Video (NOSSDAV)},
  year = {2008},
  pages = {75--80},
  month = {May},
  location = {Braunschweig, Germany}
}

@ARTICLE{juhn97hbv,
  author = {Li-Shen Juhn and Li-Ming Tseng},
  title = {Harmonic Broadcasting for Video-on-Demand Service},
  journal = {IEEE Transactions on Broadcasting},
  year = {1997},
  volume = {43},
  pages = {268-271},
  number = {3},
  month = {September}
}

@INPROCEEDINGS{karagiannis2005sis,
  author = {Karagiannis, T. and Rodriguez, P. and Papagiannaki, K.},
  title = {Should internet service providers fear peer-assisted content distribution?},
  booktitle = {Proceedings of the Internet Measurement Conference (IMC)},
  year = {2005},
  pages = {63--76},
  publisher = {USENIX Association Berkeley, CA, USA}
}

@ARTICLE{kulkarni2008ast,
  author = {Santosh Kulkarni and Jehan-Fran\c{c}ois P\^{a}ris and Purvi Shah},
  title = {A stream tapping protocol involving clients in the distribution of
	videos on demand},
  journal = {Adv. MultiMedia},
  year = {2008},
  volume = {8},
  pages = {1--9},
  number = {2},
  address = {New York, NY, United States},
  doi = {http://dx.doi.org/10.1155/2008/265309},
  issn = {1687-5680},
  publisher = {Hindawi Publishing Corp.}
}

@INPROCEEDINGS{vilas2005uba,
  author = {M. Vilas and XG Paneda and R. Garcia and D. Melendi and VG Garcia},
  title = {User Behaviour Analysis of a Video-On-Demand Service with a WideVariety
	of Subjects and Lengths},
  booktitle = {Proceedings of the 31st EUROMICRO Conference on Software Engineering
	and Advanced Applications},
  year = {2005},
  pages = {330--337}
}

@ARTICLE{ma2005bep,
  author = {Ma, H. and Shin, G.K. and Wu, W.},
  title = {Best-Effort Patching for Multicast True VoD Service},
  journal = {Multimedia Tools and Applications},
  year = {2005},
  volume = {26},
  pages = {101--122},
  number = {1},
  publisher = {Springer}
}

@INPROCEEDINGS{mathy01otb,
  author = {Laurent Mathy and Roberto Canonico and David Hutchison},
  title = {An Overlay Tree Building Control Protocol},
  booktitle = {Proceedings of the 3rd International Workshop on Networked Group
	Communication (NGC)},
  year = {2001},
  month = {November}
}

@INPROCEEDINGS{liao2006app,
  title={{A}ny{S}ee: Peer-to-Peer Live Streaming},
  author={Liao, X. and Jin, H. and Liu, Y. and Ni, L.M. and Deng, D.},
  booktitle={Proceedings of IEEE INFOCOM},
  pages={1--10},
  year={2006}
}

@inproceedings{kostic2003bhb,
 author = {Dejan Kosti\'{c} and Adolfo Rodriguez and Jeannie Albrecht and Amin Vahdat},
 title = {Bullet: high bandwidth data dissemination using an overlay mesh},
 booktitle = {Proceedings of the nineteenth ACM symposium on Operating systems principles (SOSP)},
 year = {2003},
 isbn = {1-58113-757-5},
 pages = {282--297},
 location = {Bolton Landing, NY, USA},
 doi = {http://doi.acm.org/10.1145/945445.945473},
 publisher = {ACM},
 address = {New York, NY, USA},
 }

@INPROCEEDINGS{magharei2007ppp,
  title={{PRIME}: {P}eer-to-Peer {R}eceiver-dr{I}ven {ME}sh-based Streaming},
  author={Magharei, N. and Rejaie, R.},
  booktitle={Proceedings of IEEE INFOCOM},
  year={2007}
}

@INPROCEEDINGS{begen2003mps,
  title={Multi-path selection for multiple description encoded video streaming},
  author={Begen, AC and Altunbasak, Y. and Ergun, O.},
  booktitle={Proceedings of IEEE International Conference on Communications (ICC)},
  volume={3},
  year={2003}
}

@ARTICLE{mitzenmacher2004abh,
  author = {M. Mitzenmacher},
  title = {A Brief History of Generative Models for Power Law and Lognormal
	Distributions},
  journal = {Internet Mathematics},
  year = {2004},
  volume = {1},
  pages = {226-251},
  number = {2}
}

@MISC{kazaa,
  author = {Sharman Networks},
  title = {Kazaa},
  month = {January},
  year = {2002},
  note = {\url{http://www.kazaa.com/}}
}

@INPROCEEDINGS{castro2003shb,
    author = {Miguel Castro and Peter Druschel and Anne-Marie Kermarrec and Animesh Nandi and Antony Rowstron and Atul Singh},
    title = {{S}plit{S}tream: high-bandwidth multicast in cooperative environments},
    booktitle = {Proceedings of the 19th ACM Symposium on Operating Systems Principles (SOSP)},
    year = {2003},
    isbn = {1-58113-757-5},
    pages = {298--313},
    location = {Bolton Landing, NY, USA},
    doi = {http://doi.acm.org/10.1145/945445.945474},
    publisher = {ACM},
    address = {New York, NY, USA}
}

@INPROCEEDINGS{tran2003zae,
    author = {Tran, DA and Hua, KA and Do, T.},
    title = {{ZIGZAG}: An efficient peer-to-peer scheme for media streaming},
    booktitle = {Proceedings of IEEE INFOCOM},
    year = {2003},
    pages = {1283--1292}
}

@article{banerjee2002sal,
    author = {Suman Banerjee and Bobby Bhattacharjee and Christopher Kommareddy},
    title = {Scalable application layer multicast},
    journal = {SIGCOMM Computer Communication Review},
    volume = {32},
    number = {4},
    year = {2002},
    issn = {0146-4833},
    pages = {205--217},
    doi = {http://doi.acm.org/10.1145/964725.633045},
    publisher = {ACM},
    address = {New York, NY, USA},
}

@ARTICLE{padhye1999cmc,
  author = {Jitendra Padhye and Jim Kurose},
  title = {Continuous-Media Courseware Server: A Study of Client Interactions},
  journal = {IEEE Internet Computing},
  year = {1999},
  volume = {03},
  pages = {65--73},
  number = {2},
  address = {Los Alamitos, CA, USA},
  doi = {http://doi.ieeecomputersociety.org/10.1109/4236.761655},
  issn = {1089-7801},
  publisher = {IEEE Computer Society}
}

@INPROCEEDINGS{padhye1998esc,
  author = {Padhye, J. and Kurose, J.},
  title = {An empirical study of client interactions with a continuous-media
	courseware server},
  booktitle = {Proceedings of the 8th International Workshop on Network and Operating
	Systems Support for Digital Audio and Video (NOSSDAV)},
  year = {1998}
}

@INPROCEEDINGS{paris2002bpv,
  author = {P{\^a}ris, J.F.},
  title = {A Broadcasting Protocol for Video-on-Demand Using Optional Partial
	Preloading},
  booktitle = {Proceedings of the 11th International Conference on Computing, I},
  year = {2002},
  pages = {319}
}

@INPROCEEDINGS{paris2001cap,
  author = {P{\^a}ris, J. and Long, DDE},
  title = {The case for aggressive partial preloading in broadcasting protocols
	for video-on-demand},
  booktitle = {Proceedings of the IEEE International Conference on Multimedia and
	Expo (ICME)},
  year = {2001},
  pages = {112--115}
}

@INPROCEEDINGS{paneda2006pav,
  author = {Pa{\~n}eda, X.G. and Garcia, R. and Melendi, D. and Vilas, M. and
	Garcia, V.},
  title = {Popularity analysis of a video-on-demand service with a great variety
	of content types. Influence of the subject and video characteristics},
  booktitle = {Proceedings of the 20th International Conference on Advanced Information
	Networking and Applications (AINA)},
  year = {2006},
  pages = {29--34},
  publisher = {IEEE Computer Society Washington, DC, USA}
}

@MISC{YouGov2008red,
  author = {YouGov Plc.},
  title = {Redback Networks' On-demand {TV} and Internet Video Survey},
  month = {May},
  year = {2008},
  owner = {Andrew},
  timestamp = {2008.07.26}
}

@INPROCEEDINGS{paris2001stp,
  author = {J.F. P{\^a}ris},
  title = {A Stream Tapping Protocol with Partial Preloading},
  booktitle = {Proceedings of the Ninth International Symposium in Modeling, Analysis
	and Simulation of Computer and Telecommunication Systems (MASCOTS)},
  year = {2001},
  pages = {423--431},
  publisher = {IEEE Computer Society Washington, DC, USA}
}

@INPROCEEDINGS{paris1999zdb,
  author = {P{\^a}ris, J.F. and Long, D.D.E. and Mantey, P.E.},
  title = {Zero-delay broadcasting protocols for video-on-demand},
  booktitle = {Proceedings of the seventh ACM international conference on Multimedia
	(Part 1)},
  year = {1999},
  pages = {189--197},
  publisher = {ACM New York, NY, USA}
}

@INPROCEEDINGS{rocha2005sms,
  author = {Rocha, M. and Maia, M. and Cunha, {\'I}. and Almeida, J. and Campos,
	S.},
  title = {Scalable media streaming to interactive users},
  booktitle = {Proceedings of the 13th annual ACM international conference on Multimedia},
  year = {2005},
  pages = {966--975},
  publisher = {ACM Press New York, NY, USA}
}

@INPROCEEDINGS{saxena2008avs,
  author = {Mohit Saxena and Umang Sharan and Sonia Fahmy},
  title = {Analyzing Video Services in Web 2.0: A Global Perspective},
  booktitle = {Proceedings of the 18th ACM International Workshop on Network and
	Operating Systems Support for Digital Audio and Video (NOSSDAV)},
  year = {2008}
}

@INPROCEEDINGS{sen1999ops,
  author = {Sen, S. and Gao, L. and Rexford, J. and Towsley, D.},
  title = {Optimal patching schemes for efficient multimedia streaming},
  booktitle = {Proceedings of the 9th International Workshop on Network and Operating
	Systems Support for Digital Audio and Video (NOSSDAV)},
  year = {1999}
}

@INPROCEEDINGS{sen99ppc,
  author = {Subhabrata Sen and Jennifer Rexford and Donald F. Towsley},
  title = {Proxy Prefix Caching for Multimedia Streams},
  booktitle = {Proceedings of IEEE INFOCOM},
  year = {1999},
  pages = {1310-1319},
  month = {April}
}

@INPROCEEDINGS{shar07ppm,
  author = {P. Shah and J.-F. P\^{a}ris},
  title = {Peer-to-Peer Multimedia Streaming Using {B}it{T}orrent},
  booktitle = {Proceedings of the 26th International Performance of Computers and
	Communication Conference (IPCCC)},
  year = {2007},
  address = {New Orleans, Louisiana, USA},
  month = {April}
}

@INPROCEEDINGS{shen2006dps,
  author = {Shen, Y. and Liu, Z. and Panwar, S. and Ross, K. and Wang, Y.},
  title = {On the Design of Prefetching Strategies in a Peer-Driven Video on-Demand
	System},
  booktitle = {Proceedings of the IEEE International Conference on Multimedia and
	Expo (ICME)},
  year = {2006},
  pages = {817--820}
}

@INPROCEEDINGS{sripanidkulchai2004als,
  author = {Sripanidkulchai, K. and Maggs, B. and Zhang, H.},
  title = {An analysis of live streaming workloads on the internet},
  booktitle = {Proceedings of the 4th ACM SIGCOMM conference on Internet measurement},
  year = {2004},
  pages = {41--54},
  publisher = {ACM Press New York, NY, USA}
}



@MISC{barwise2005ffp,
  author =       {Patrick Barwise and Sarah Pearson},
  title =        {Fast-forward puts {TV} advertising to the test},
  howpublished = {Financial Times},
  year =         {2005},
  month =        {Oct},
  day =          {24}
}


@article{li2005csm,
  title={Characteristics of streaming media stored on the Web},
  author={Mingzhe Li and Mark Claypool and Robert Kinicki and James Nichols},
  journal={ACM Transactions on Internet Technology (TOIT)},
  volume={5},
  number={4},
  pages={601--626},
  year={2005},
  publisher={ACM New York, NY, USA}
}

@INPROCEEDINGS{tan2002qos,
  author = {H. Tan and D.L. Eager and M.K. Vernon and H. Guo},
  title = {Quality of service evaluations of multicast streaming protocols},
  booktitle = {Proceedings of ACM SIGMETRICS},
  year = {2002},
  month = {June},
  location = {Marina del Rey, California}
}

@ARTICLE{veloso2006hcl,
  author = {Veloso, E. and Almeida, V. and Meira Jr, W. and Bestavros, A. and
	Jin, S.},
  title = {A hierarchical characterization of a live streaming media workload},
  journal = {IEEE/ACM Transactions on Networking (TON)},
  year = {2006},
  volume = {14},
  pages = {133--146},
  number = {1},
  publisher = {IEEE Press Piscataway, NJ, USA}
}

@article{hofmann1999cts,
  title={Caching techniques for streaming multimedia over the internet},
  author={Hofmann, M. and Ng, T.S.E. and Guo, K. and Paul, S. and Zhang, H.},
  journal={in Bell Labs Technical Memorandum},
  year={1999}
}

@INPROCEEDINGS{vandermerwe2002svt,
  title={Streaming video traffic: Characterization and network impact},
  author={Van der Merwe, J. and Sen, S. and Kalmanek, C.},
  booktitle={Proceedings of the Seventh International Web Content Caching and Distribution Workshop (WCW)},
  year={2002}
}

@INPROCEEDINGS{veloso2002hcl,
  author = {Veloso, E. and Almeida, V. and Meira, W. and Bestavros, A. and Jin,	S.},
  title = {A hierarchical characterization of a live streaming media workload},
  booktitle = {Proceedings of the 2nd ACM SIGCOMM Workshop on Internet measurment},
  year = {2002},
  pages = {117--130},
  publisher = {ACM Press New York, NY, USA}
}

@ARTICLE{viswanathan1996mav,
  author = {S. Viswanathan and T. Imielinski},
  title = {Metropolitan area video-on-demand service using pyramid broadcasting},
  journal = {Multimedia Systems},
  year = {1996},
  volume = {4},
  pages = {179--208},
  number = {4},
  month = {August}
}


@INPROCEEDINGS{vlavianos06beb,
  author = {Aggelos Vlavianos and Marios Iliofotou and Michalis Faloutsos},
  title = {{BiToS}; Enhancing {B}it{T}orrent for Supporting Streaming Applications},
  booktitle = {Proceedings of the 9th IEEE Global Internet Symposium (GI)},
  year = {2006},
  address = {Barcelona, Spain},
  month = {April}
}

@INPROCEEDINGS{yu2006uub,
  author = {Yu, H. and Zheng, D. and Zhao, B.Y. and Zheng, W.},
  title = {Understanding user behavior in large-scale video-on-demand systems},
  booktitle = {Proceedings of the 2006 EuroSys conference},
  year = {2006},
  pages = {333--344},
  publisher = {ACM Press New York, NY, USA}
}

@MISC{youtube,
  author = {{Y}ou{T}ube},
  year = {2008},
  note = {\url{http://youtube.com/}}
}

@MISC{googlevideo,
 author = {Google Video},
  year = {2008},
  note = {\url{http://video.google.com/}}
}

@MISC{msnvideo,
  author = {MSN Video},
  year = {2008},
  note = {\url{http://video.msn.com/}}
}

@MISC{metacafe,
  author = {Metacafe},
  year = {2008},
  note = {\url{http://www.metacafe.com}}
}
@MISC{dailymotion,
  author = {Dailymotion},
  year = {2008},
  note = {\url{www.dailymotion.com}}
}
@MISC{hulu,
  author = {Hulu},
  year = {2008},
  note = {\url{http://www.hulu.com/}}
}
@MISC{myspacetv,
  author = {{M}y{S}pace{TV}},
  year = {2008},
  note = {\url{http://vids.myspace.com/}}
}
@MISC{vuze,
  author = {Vuze},
  year = {2008},
  note = {\url{http://www.vuze.com/}}
}

@MISC{emule,
  author = {{eM}ule},
  year = {2008},
  note = {\url{http://www.emule.com/}}
}

@MISC{wiki_flash,
  author = {Wikipedia},
  title = {Article on {A}dobe {F}lash},
  year = {2008},
  note = {\url{http://en.wikipedia.org/wiki/Adobe_Flash}}
}

@MISC{sky+,
  author = {BSkyB Ltd},
  title = {Sky+},
  year = {2008},
  note = {\url{http://www.sky.com/portal/site/skycom/skyproducts/skytv/skyplus}}
}

@MISC{replaytv,
  author = {Direct{TV} Inc.},
  title = {Replay{TV}},
  year = {2008},
  note = {\url{http://www.replay.com/}}
}

@MISC{tivo,
  author = {{T}i{V}o Technologies},
  title = {{T}i{V}o},
  year = {2008},
  note = {\url{http://www.tivo.com/}}
}

@MISC{ultimatetv,
  author = {Microsoft},
  title = {Ultimate{TV}},
  year = {2008},
  note = {\url{http://www.ultimatetv.com/}}
}

@MISC{gnutella,
  author = {Clip2},
  title = {The Gnutella Protocol Specification v0.4},
  year = {2008},
  note = {\url{http://www.clip2.com}}
}

@MISC{napster,
  author = {Napster},
  year = {2008},
  note = {\url{http://www.napster.com}}
}

@MISC{pplive,
  author = {{PPL}ive},
  year = {2008},
  note = {\url{http://www.pplive.com}}
}


@MISC{joost,
  author = {Joost},
  year = {2008},
  note = {\url{http://www.joost.com}}
}

@MISC{gridcast,
  author = {{G}rid{C}ast},
  year = {2008},
  note = {\url{http://www.gridcast.cn/}}
}

@MISC{pfsvod,
  author = {{PFSVOD}},
  year = {2008},
  note = {\url{http://www.pplive.com/subject/20070808pfsvod/}}
}

@MISC{ppstream,
  author = {{PPS}tream},
  year = {2008},
  note = {\url{http://www.ppstream.com/}}
}

@MISC{sopcast,
  author = {{SOPC}ast},
  year = {2008},
  note = {\url{http://www.sopcast.com/}}
}

@MISC{tvants,
  author = {{TVA}nts},
  year = {2008},
  note = {\url{http://www.tvants.com/}}
}

@MISC{uusee,
  author = {{UUS}ee},
  year = {2008},
  note = {\url{http://www.uusee.com}}
}

@MISC{skype,
  author = {Skype},
  year = {2008},
  note = {\url{http://www.skype.com}}
}

@MISC{zattoo,
  author = {Zattoo},
  year = {2008},
  note = {\url{http://www.zattoo.com}}
}

@MISC{ffmpeg,
  author = {FFmpeg},
  year = {2008},
  note = {\url{http://ffmpeg.mplayerhq.hu/}}
}

@MISC{vlc,
  author = {VideoLan},
  title = {VLC Media Player},
  year = {2008},
  note = {\url{http://www.videolan.org/}}
}

@MISC{flvtool,
  author = {Facebook},
  title = {flvtool++},
  year = {2008},
  note = {\url{http://mirror.facebook.com/facebook/flvtool++/}}
}

@MISC{bbc2008ban,
  author =       {{BBC} News Online},
  title =        {{BBC} announces {N}intendo {W}ii deal},
  year =         {2008},
  month =        {April},
  day   =        {9},
  note = {\url{http://news.bbc.co.uk/1/hi/technology/7338344.stm}}
}

@MISC{frommer2006ytw,
  author =       {Dan Frommer},
  title =        {Your Tube, Whose Dime?},
  year =         {2006},
  month =        {April},
  day   =        {28},
  publisher =    {Forbes},
  note = {\url{http://www.forbes.com/intelligentinfrastructure/2006/04/27/video-youtube-myspace_cx_df_0428video.html}}
}

@MISC{bbc2008bic,
  author =       {{BBC} News Online},
  title =        {{BBC} {iP}layer comes to the {iP}hone},
  year =         {2008},
  month =        {March},
  day   =        {7},
  note = {\url{http://news.bbc.co.uk/1/hi/technology/7283702.stm}}
}

@MISC{purchese2008fmb,
  author =       {Rob Purchese},
  title =        {Fan makes {BBC} {iP}layer work on {PS3}},
  year =         {2008},
  month =        {April},
  day   =        {14},
  publisher =    {Eurogamer},
  note = {\url{http://www.eurogamer.net/article.php?article_id=132029}}
}

@MISC{microsoft2008m,
  author =       {Microsoft},
  title =        {Mediaroom},
  year =         {2008},
  note = {\url{http://www.microsoftmediaroom.com/}}
}

@MISC{virgin2008on,
  author =       {Virgin Media},
  title =        {{O}n {D}emand},
  year =         {2008},
  note = {\url{http://www.virginmedia.com/tvradio/ondemand/}}
}

@MISC{bt2008bv,
  author =       {British Telecom},
  title =        {{BT} {V}ision},
  year =         {2008},
  note = {\url{http://www.btvision.bt.com/}}
}

@MISC{zipf1949hbp,
  author = {G. K. Zipf},
  title = {Human Behavior and the Principal of Least-Effort},
  year = {1949},
  publisher = {Addison-Wesley, Cambridge, MA}
}

@article{chu2002ces,
  title={A case for end system multicast},
  author={Chu, Y. and Rao, SG and Seshan, S. and Zhang, H.},
  journal={IEEE Journal on Selected Areas in Communications},
  volume={20},
  number={8},
  pages={1456--1471},
  year={2002}
}

@article{yeo2004sal,
  title={{A survey of application level multicast techniques}},
  author={Yeo, CK and Lee, BS and Er, MH},
  journal={Computer Communications},
  volume={27},
  number={15},
  pages={1547--1568},
  year={2004},
  publisher={Elsevier}
}


@article{reisslein1997jsq,
  title={A Join--the--Shortest--Queue Prefetching Protocol for VBR Video on Demand},
  author={Reisslein, M. and Ross, K.W.},
  journal={Proceedings of the International Conference on Network Protocols (ICNP)},
  year={1997},
  publisher={IEEE Computer Society Washington, DC, USA}
}

@article{bakiras1999sap,
  title={Smoothing and prefetching video from distributed servers},
  author={S. Bakiras and V.O.K Li},
  journal={Proceedings of the International Conference on Network Protocols (ICNP)},
  pages={311--318},
  year={1999},
}

@INPROCEEDINGS{cheng2007uci,
  title={Understanding the Characteristics of Internet Short Video Sharing: {Y}ou{T}ube as a Case Study},
  author={Cheng, X. and Dale, C. and Liu, J.},
  booktitle={Proceedings of the 7th ACM SIGCOMM Conference on Internet Measurement},
  location={San Diego (CA, USA)},
  year={2007}
}


@MISC{lowensohn2008dgh,
  author =       {Josh Lowensohn},
  title =        {Dailymotion gets high-definition videos},
  howpublished = {Cnet news},
  year =         {2008},
  month =        {February},
  day =          {19},
  source =       {\url{http://news.cnet.com/8301-17939_109-9874323-2.html}},
}

@INPROCEEDINGS{ames2007wtm,
  title={Why we tag: motivations for annotation in mobile and online media},
  author={Ames, M. and Naaman, M.},
  booktitle={Proceedings of the SIGCHI conference on Human factors in computing systems},
  pages={971--980},
  year={2007},
  publisher={ACM Press New York, NY, USA}
}

@MISC{rfc2616,
  author =       {R. Fielding and J. Gettys and  J. Mogul and H. Frystyk and L. Masinter and P. Leach and T. Berners-Lee},
  title =        {{RFC2616} - {H}ypertext Transfer Protocol -- {HTTP}/1.1},
  year =         {1999},
  month =        {June}
}

@article{gill2007ytc,
  title={{Y}ou{T}ube traffic characterization: a view from the edge},
  author={Gill, P. and Arlitt, M. and Li, Z. and Mahanti, A.},
  journal={Proceedings of the 7th ACM SIGCOMM conference on Internet measurement},
  pages={15--28},
  year={2007},
  publisher={ACM New York, NY, USA}
}

@article{rivest1978mfo,
 author = {R. L. Rivest and A. Shamir and L. Adleman},
 title = {A method for obtaining digital signatures and public-key cryptosystems},
 journal = {Communications of the ACM},
 volume = {21},
 number = {2},
 year = {1978},
 issn = {0001-0782},
 pages = {120--126},
 doi = {http://doi.acm.org/10.1145/359340.359342},
 publisher = {ACM},
 address = {New York, NY, USA},
 }

@INPROCEEDINGS{krieger2008aaq,
  title={Analysis and quality assessment of peer-to-peer {IPTV} systems},
  author={Krieger, U.R. and Schwessinger, R.},
  booktitle={Proceedings of the IEEE International Symposium on Consumer Electronics (ISCE)},
  pages={1--4},
  year={2008}
}

@INPROCEEDINGS{gao1999siv,
  title={Supplying instantaneous video-on-demand services using controlled multicast},
  author={Gao, L. and Towsley, D.},
  booktitle={Proceedings of the IEEE International Conference on Multimedia Computing and Systems (ICMCS)},
  volume={2},
  year={1999}
}

@INPROCEEDINGS{eager1999mbd,
  title={Minimizing bandwidth Requirements For On-Demand data delivery},
  author={Eager, DL and Vernon, MK and Zahorjan, J.},
  booktitle={Proceedings of the 5th International workshop on advances in Multimedia Information Systems (MIS)},
  locate={Palm Springs Desert, CA}
  pages={21--23},
  year={1999}
}

@article{griwodz2000tlp,
  title={Tune to lambda patching},
  author={Griwodz, C. and Liepert, M. and Zink, M. and Steinmetz, R.},
  journal={ACM SIGMETRICS Performance Evaluation Review},
  volume={27},
  number={4},
  pages={20--26},
  year={2000},
  publisher={ACM New York, NY, USA}
}

@INPROCEEDINGS{dhungel2007pap,
  title={The pollution attack in {P2P} live video streaming: measurement results and defenses},
  author={Dhungel, P. and Hei, X. and Ross, K.W. and Saxena, N.},
  booktitle={Proceedings of the workshop on Peer-to-Peer streaming and {IP-TV}},
  pages={323--328},
  year={2007},
  publisher={ACM New York, NY, USA}
}

@ARTICLE{miller2008mfa,
  AUTHOR =       {N. Miller},
  TITLE =        {Manifesto for a New Age},
  JOURNAL =      {Wired Magazine},
  YEAR =         {2007},
  month =        {March}
}

@article{vlavianos2006beb,
  title={{BiToS}: Enhancing {B}it{T}orrent for supporting streaming applications},
  author={Vlavianos, A. and Iliofotou, M. and Faloutsos, M.},
  journal={IEEE Global Internet},
  year={2006}
}

@INPROCEEDINGS{shah2007ppm,
  title={Peer-to-Peer Multimedia Streaming Using {B}it{T}orrent},
  author={Shah, P. and P{\^a}ris, J.F.},
  booktitle={Proceedings of the 26th IEEE International Performance, Computing, and Communications Conference (IPCCC)},
  year={2007},
  pages={340--347}
}

@MASTERSTHESIS{roozenburg2006sds,
  AUTHOR =       {Jelle Roozenburg},
  TITLE =        {Secure Decentralized Swarm Discovery in Tribler},
  SCHOOL =       {Parallel and Distributed Systems Group, Delft University of Technology},
  YEAR =         {2006},
  month =        {November}
}

@TECHREPORT{bharambe2005aai,
  AUTHOR =       {Ashwin R. Bharambe and Cormac Herley and Venkata N. Padmanabhan},
  TITLE =        {Analyzing and Improving BitTorrent Performance},
  INSTITUTION =  {Microsoft Research, Microsoft Corporation, One Microsoft Way, Redmond, WA 98052},
  YEAR =         {2005},
  number =       {MSR-TR-2005-03},
  month =        {February}
}

//READ THIS
@article{tsang2007app,
  title={Advances in Peer-to-Peer Streaming Systems},
  author={Tsang, DHK and Ross, KW and Rodriguez, P. and Li, J. and Karlsson, G.},
  journal={IEEE Journal on Selected Areas in Communications},
  volume={25},
  number={9},
  pages={1609--1611},
  year={2007}
}

@article{li2007ess,
  title={Editorial Special Section on Peer-to-Peer Video Streaming},
  author={Li, J. and Nahrstedt, K. and Zhang, H.},
  journal={Multimedia, IEEE Transactions on},
  volume={9},
  number={8},
  pages={1551--1553},
  year={2007}
}

@article{lu2007dae,
  title={Design and Evaluation of a {P2P} {IPTV} System for Heterogeneous Networks},
  author={Lu, M.T. and Wu, J.C. and Peng, K.J. and Huang, P. and Yao, JJ and Chen, HH},
  journal={IEEE Transactions on Multimedia},
  volume={9},
  number={8},
  pages={1568--1579},
  year={2007}
}

@article{sung2007eca,
  title={Enabling Contribution Awareness in an Overlay Broadcasting System},
  author={Sung, Y.W.E. and Bishop, MA and Rao, SG},
  journal={IEEE Transactions on Multimedia},
  volume={9},
  number={8},
  pages={1605--1620},
  year={2007}
}

@ARTICLE{hei2008iop,
    title={{IPTV} over {P2P} streaming networks: The mesh-pull approach},
    author={Xiaojun Hei and Yong Liu and K.W. Ross},
    journal={IEEE Communications Magazine},
    year={2008},
    month={February},
    volume={46},
    number={2},
    pages={86--92},
    keywords={IP networks, digital television, peer-to-peer computing, video streaming IPTV, mesh-pull streaming, peer-to-peer streaming networks, tree-push streaming, video playback quality},
    doi={10.1109/MCOM.2008.4473088},
    ISSN={0163-6804}
}

@INPROCEEDINGS{do2004ppf,
    title={{P2VoD}: Providing fault tolerant video-on-demand streaming in peer-to-peer environment},
    author={Do, TT and Hua, KA and Tantaoui, MA},
    booktitle={Proceedings of the IEEE International Conference on Communications},
    volume={3},
    year={2004}
}

@INPROCEEDINGS{annapureddy2006pvd,
    title={Providing video-on-demand using peer-to-peer networks},
    author={Annapureddy, S. and Gkantsidis, C. and Rodriguez, P. and Massoulie, L.},
    booktitle={Proceedings of Internet Protocol TeleVision (IPTV) Workshop},
    volume={6},
    year={2006}
}

@article{suh2007ppv,
    title={Push-to-Peer Video-on-Demand System: Design and Evaluation},
    author={Suh, K. and Diot, C. and Kurose, J. and Massoulie, L. and Neumann, C. and Towsley, D. and Varvello, M.},
    journal={IEEE Journal on Selected Areas in Communications},
    volume={25},
    number={9},
    pages={1706--1716},
    year={2007}
}

@ARTICLE{xie2007cdt,
    title={Coolstreaming: Design, Theory, and Practice},
    author={Susu Xie and Bo Li and Keung, G.Y. and Xinyan Zhang},
    journal={IEEE Transactions on Multimedia},
    year={2007},
    month={December},
    volume={9},
    number={8},
    pages={1661-1671},
    keywords={IP networks, Internet, buffer storage, multimedia systems, peer-to-peer computing, scheduling, telecommunication network topology, video streaming Coolstreaming system, Internet, buffer management, congestion, content delivery, hybrid pull-push scheme, live video streaming, overlay topology, peer-to-peer technology, random peer partnership selection, scheduling, system limitation, system scalability},
    doi={10.1109/TMM.2007.907469},
    ISSN={1520-9210}
}

@INPROCEEDINGS{silverston2007mpi,
  title={Measuring {P2P} {IPTV} Systems},
  author={T. Silverston and O. Fourmaux},
  booktitle={Proceedings of the 17th international workshop on Network and operating
	systems support for digital audio and video (NOSSDAV)},
  year={2007}
}

@INPROCEEDINGS{silverston2007mpi2,
  title={Measuring {P2P} {IPTV} traffic on both sides of the world},
  author={Silverston, T. and Fourmaux, O. and Salamatian, K. and Cho, K.},
  booktitle={Proceedings of the ACM CoNEXT conference},
  year={2007},
  publisher={ACM New York, NY, USA}
}

@INPROCEEDINGS{zhang2005cdd,
  title={CoolStreaming/{DON}et: A Data-Driven Overlay Network for Efficient Live Media Streaming},
  author={Zhang, X. and Liu, J. and Li, B. and Yum, T.S.P.},
  booktitle={Proceedings of IEEE INFOCOM},
  volume={3},
  pages={13--17},
  year={2005}
}

@MISC{fowler2005nef,
  author =       {Geoffrey A. Fowler and Sarah McBride},
  title =        {Newest export from China: Pirated pay TV},
  howpublished = {Wall Street Journal},
  year =         {2005},
  month =        {September}
}

@INPROCEEDINGS{mushtaq2008pbm,
  title={{P2P}-based mobile {IPTV}: Challenges and opportunities},
  author={Mushtaq, M. and Ahmed, T.},
  booktitle={IEEE/ACS International Conference on Computer Systems and Applications (AICCSA)},
  pages={975--980},
  year={2008}
}

@BOOK{cormen2001ita,
  AUTHOR =       {T. H. Cormen and C. E. Leiserson and R. L. Rivest and C. Stein},
  TITLE =        {Introduction to Algorithms},
  PUBLISHER =    {MIT Press},
  YEAR =         {2001},
  address =      {Cambridge, MA},
  edition =      {Second},
}

@INPROCEEDINGS{huang2008cda,
  title={Challenges, Design and Analysis of a large-scale {P2P-VoD} system},
  author={Huang, Y. and Fu, T.Z.J. and Chiu, D.M. and Lui, J.C.S. and Huang, C.},
  year={2008},
  booktitle={Proceedings of ACM SIGCOMM},
  publisher={ACM New York, NY, USA}
}

@inproceedings{massoulie2005crs,
    author = {Laurent Massouli\'{e} and Milan Vojnovi\'{C}},
    title = {Coupon replication systems},
    booktitle = {Proceedings of the 2005 ACM International conference on Measurement and Modeling of Computer Systems (SIGMETRICS)},
    year = {2005},
    isbn = {1-59593-022-1},
    pages = {2--13},
    location = {Banff, Alberta, Canada},
    doi = {http://doi.acm.org/10.1145/1064212.1064215},
    publisher = {ACM},
    address = {New York, NY, USA},
}

@article{liu2008spp,
  title={A survey on peer-to-peer video streaming systems},
  author={Liu, Y. and Guo, Y. and Liang, C.},
  journal={Peer-to-Peer Networking and Applications},
  volume={1},
  number={1},
  pages={18--28},
  year={2008},
  publisher={Springer}
}

@INPROCEEDINGS{vu2007mls,
  title={Measurement of a large-scale overlay for multimedia streaming},
  author={Vu, L. and Gupta, I. and Liang, J. and Nahrstedt, K.},
  booktitle={Proceedings of the 16th international symposium on High performance distributed computing (HPDC)},
  pages={241--242},
  year={2007},
  publisher={ACM Press New York, NY, USA}
}

@article{chen2008msc,
  title={A Measurement Study of Cache Rejection in {P2P} Live Streaming System},
  author={Chen, Y. and Chen, C. and Li, C.},
  journal={28th International Conference on Distributed Computing Systems Workshops (ICDCS)},
  pages={12--17},
  year={2008}
}

@TECHREPORT{olausson2007gif,
  AUTHOR =       {Martin Olausson and Jim Penhune},
  TITLE =        {Global {IPTV} Forecast: {H}omes, Users and Subscribers},
  INSTITUTION =  {Strategy Analytics},
  YEAR =         {2007},
  month =        {January},
  day   =        {29}
}

@MISC{huang2007ewp,
  author =       {Gale Huang},
  title =        {Experiences with PPLive},
  howpublished = {Peer-to-Peer Streaming and IP-TV Workshop (P2P-TV)},
  year =         {2007},
  month =        {August},
  note =         {Keynote Presentation},
  source =       {\url{http://conferences.sigcomm.org/sigcomm/2007/p2p-tv/Keynote-P2PTV-GALE_PPLIVE.ppt}}
}

@ARTICLE{watts1998cds,
  AUTHOR =       {D. J. Watts and S. H. Strogatz.},
  TITLE =        {Collective dynamics of small-world networks},
  JOURNAL =      {Nature},
  YEAR =         {1998.},
  volume =       {393},
  number =       {6684},
  pages =        {440--442 }
}

@article{limpert2001lnd,
  title={{Log-normal distributions across the sciences: keys and clues}},
  author={Limpert, E. and Stahel, W.A. and Abbt, M.},
  journal={Bioscience},
  volume={51},
  number={5},
  pages={341--352},
  year={2001},
  publisher={UnivCalifornia Press}
}

http://conferences.sigcomm.org/sigcomm/2007/p2p-tv/Keynote-P2PTV-QIANZH_P2PStreamingPull.pdf

P?aris, A simple low-bandwidth broadcasting protocol for video-on-demand, in: Proceedings of the 8th International Conference on
Computer Communications and Networks, IC3N, 1999, pp. 118?123.
[13] J. P?aris, A fixed-delay broadcasting protocol for video-on-demand, in: Proceedings of the 10th International Conference on Computer
Communications and Networks, IC3N, 2001, pp. 418?423.
[14] J. P?aris, A simple but efficient broadcasting protocol for video-on-demand, in: Proceedings of the 24th International Performance of
Computers and Communication Conference, IPCCC 2005, 2005, pp. 167?174.
[15] J. P?aris, S.W. Carter, D.D.E. Long, A low bandwidth broadcasting protocol for video on demand, in: Proceedings of the 7th International
Conference on Computer Communications and Networks, IC3N, 1998, pp. 690?697.
[16] J. P?aris, S.W. Carter, D.D.E. Long, A hybrid broadcasting protocol for video on demand, in: Proceedings of the IS&T/SPIE Conference on
Multimedia Computing and Networking, MMCN, 1999, pp. 317?326.
[18] J. P?aris, D.D.E. Long, Limiting the receiving bandwidth of broadcasting protocols for video-on-demand, in: Proceedings of the Euromedia
Conference, 2000, pp. 107?111.

TANG, W., FU, Y., CHERKASOVA, L., AND VAHDAT, A. Medisyn: Synthetic streaming media service workload generator. In Proc. of NOSSDAV (2003).

SRIPANIDKULCHAI, K., GANJAM, A., MAGGS, B. M., AND ZHANG, H. The feasibility of supporting large-scale live streaming applications with dynamic application end-points. In Proc. of SIGCOMM (Portland, OR, August 2004).
